<?xml version="1.0" encoding="UTF-8"?>
<record xmlns="http://www.loc.gov/MARC21/slim" xmlns:xsi="http://www.w3.org/2001/XMLSchema-instance" xsi:schemaLocation="http://www.loc.gov/MARC21/slim http://www.loc.gov/standards/marcxml/schema/MARC21slim.xsd">
<leader>00000cam a22        4500</leader>
<controlfield tag="001">001677790</controlfield>
<controlfield tag="003">NNU</controlfield>
<controlfield tag="005">20151007171024.0</controlfield>
<controlfield tag="008">820628s1964    iq            000 0 arar</controlfield>
<datafield tag="010" ind1=" " ind2=" ">
<subfield code="a">ne 68002942</subfield>
</datafield>
<datafield tag="025" ind1=" " ind2=" ">
<subfield code="a">PL480:UAR-8633</subfield>
</datafield>
<datafield tag="035" ind1=" " ind2=" ">
<subfield code="a">(OCoLC)8556953</subfield>
</datafield>
<datafield tag="040" ind1=" " ind2=" ">
<subfield code="a">DLC</subfield>
<subfield code="b">eng</subfield>
<subfield code="c">TKN</subfield>
<subfield code="d">TKN</subfield>
<subfield code="d">OCL</subfield>
<subfield code="d">OCLCQ</subfield>
<subfield code="d">HIN</subfield>
<subfield code="d">OCLCQ</subfield>
<subfield code="d">OCLCO</subfield>
<subfield code="d">OCLCF</subfield>
<subfield code="d">NNU</subfield>
</datafield>
<datafield tag="043" ind1=" " ind2=" ">
<subfield code="a">e-sp---</subfield>
</datafield>
<datafield tag="050" ind1=" " ind2="4">
<subfield code="a">DP98</subfield>
<subfield code="b">.C62 1964</subfield>
</datafield>
<datafield tag="245" ind1="0" ind2="0">
<subfield code="6">880-01</subfield>
<subfield code="a">Akhbār majmūʻah fī fatḥ al-Andalus,</subfield>
<subfield code="b">wa-dhikr umarāʼihā wa-al-ḥurūb al-waāqiʻah bihā baynahum.</subfield>
<subfield code="c">li-muʼallif majhūl.</subfield>
</datafield>
<datafield tag="260" ind1=" " ind2=" ">
<subfield code="6">880-02</subfield>
<subfield code="a">Baghdād,</subfield>
<subfield code="b">Maktabat al-Muthannā</subfield>
<subfield code="c">[1964?]</subfield>
</datafield>
<datafield tag="336" ind1=" " ind2=" ">
<subfield code="a">text</subfield>
<subfield code="b">txt</subfield>
<subfield code="2">rdacontent</subfield>
</datafield>
<datafield tag="337" ind1=" " ind2=" ">
<subfield code="a">unmediated</subfield>
<subfield code="b">n</subfield>
<subfield code="2">rdamedia</subfield>
</datafield>
<datafield tag="500" ind1=" " ind2=" ">
<subfield code="a">Added t.p.: Ajbar machmuâ (Coleccion de tradiciones) ; cronica anonima del siglo XI, dadaá luz por primera ves. Traducida y anotada por Emilio Lafuente y Alcantara.</subfield>
</datafield>
<datafield tag="500" ind1=" " ind2=" ">
<subfield code="a">Photo offset of the Arabic text, with geographical index published in Madrīd, 1867, as v. 1 of Coleccion de obras Arábigas de historia y geografia que publica la real Academia de la Historia.</subfield>
</datafield>
<datafield tag="651" ind1=" " ind2="0">
<subfield code="a">Spain</subfield>
<subfield code="x">History</subfield>
<subfield code="y">711-1516.</subfield>
</datafield>
<datafield tag="651" ind1=" " ind2="7">
<subfield code="a">Spain.</subfield>
<subfield code="2">fast</subfield>
<subfield code="0">(OCoLC)fst01204303</subfield>
</datafield>
<datafield tag="648" ind1=" " ind2="7">
<subfield code="a">711 - 1516</subfield>
<subfield code="2">fast</subfield>
</datafield>
<datafield tag="655" ind1=" " ind2="7">
<subfield code="a">History.</subfield>
<subfield code="2">fast</subfield>
<subfield code="0">(OCoLC)fst01411628</subfield>
</datafield>
<datafield tag="700" ind1="1" ind2=" ">
<subfield code="a">Lafuente y Alcʻantara, Emilio,</subfield>
<subfield code="d">d. 1868,</subfield>
<subfield code="e">editor.</subfield>
</datafield>
<datafield tag="776" ind1="0" ind2="8">
<subfield code="i">Online version:</subfield>
<subfield code="t">Akhbār majmūʻah fī fatḥ al-Andalus.</subfield>
<subfield code="d">Baghdād, Maktabat al-Muthannā [1964?]</subfield>
<subfield code="w">(OCoLC)654324586</subfield>
</datafield>
<datafield tag="880" ind1="0" ind2="0">
<subfield code="6">245-01/</subfield>
<subfield code="a">أخبار مجموعة في فتح الأندلس،</subfield>
<subfield code="b">وذكر أمرائها والحروب الواقعة بها بينهم.</subfield>
<subfield code="c">لمؤلف مجهول.</subfield>
</datafield>
<datafield tag="880" ind1=" " ind2=" ">
<subfield code="6">260-02/</subfield>
<subfield code="a">بغداد،</subfield>
<subfield code="b">مكتبة المثنى</subfield>
<subfield code="c">[1964?]</subfield>
</datafield>
<datafield tag="OWN" ind1=" " ind2=" ">
<subfield code="a">GENERAL</subfield>
</datafield>
<datafield tag="AVA" ind1=" " ind2=" ">
<subfield code="a">NYU50</subfield>
<subfield code="b">BOBST</subfield>
<subfield code="c">Main Collection</subfield>
<subfield code="d">DP98 .C62</subfield>
<subfield code="e">unavailable</subfield>
<subfield code="t">Unavailable</subfield>
<subfield code="f">1</subfield>
<subfield code="g">1</subfield>
<subfield code="h">N</subfield>
<subfield code="i">0</subfield>
<subfield code="j">MAIN</subfield>
<subfield code="k">0</subfield>
</datafield>
</record>
